<collection xmlns="http://www.loc.gov/MARC21/slim">
<record>
  <leader>01526nam0a2200277 i 450 </leader>
  <controlfield tag="001">IT\ICCU\CNCE\069505</controlfield>
  <controlfield tag="005">20130418000000.0</controlfield>
  <datafield tag="012" ind1=" " ind2=" ">
    <subfield code="a">a.s. s.o. elte l-ro (S) 1577 (Q)</subfield>
    <subfield code="2">fei</subfield>
  </datafield>
  <datafield tag="100" ind1=" " ind2=" ">
    <subfield code="a">20070117f1577        0itac0103    ba</subfield>
  </datafield>
  <datafield tag="101" ind1=" " ind2=" ">
    <subfield code="a">ITA</subfield>
  </datafield>
  <datafield tag="102" ind1=" " ind2=" ">
    <subfield code="a">IT</subfield>
  </datafield>
  <datafield tag="200" ind1="1" ind2=" ">
    <subfield code="a">MDLXXVII. adi vj. di febraro</subfield>
  </datafield>
  <datafield tag="210" ind1=" " ind2=" ">
    <subfield code="a">In Milano</subfield>
    <subfield code="c">per Gio. Battista Pontio</subfield>
    <subfield code="d">stampatore della corte di sua eccell. alla Doana</subfield>
    <subfield code="d">\1577?!</subfield>
  </datafield>
  <datafield tag="215" ind1=" " ind2=" ">
    <subfield code="a">1 manifesto</subfield>
    <subfield code="d">1/2</subfield>
  </datafield>
  <datafield tag="300" ind1=" " ind2=" ">
    <subfield code="a">Si dichiarano nulle le licenze concesse per uscir di casa che non siano stampate da Giovanni Battista Ponzio. - Incipit: Hauendo inteso gli illustri, et molto magn. signori Presidente, e conseruatori della sanit ̉dello Stato di Milano, i molti disordini ...</subfield>
  </datafield>
  <datafield tag="620" ind1=" " ind2=" ">
    <subfield code="a">IT</subfield>
    <subfield code="d">Milano</subfield>
  </datafield>
  <datafield tag="710" ind1="0" ind2="2">
    <subfield code="a">Milano</subfield>
    <subfield code="c"> &lt;Ducato&gt;</subfield>
    <subfield code="b"></subfield>
    <subfield code="3">IT\ICCU\CNCA\015678</subfield>
  </datafield>
  <datafield tag="712" ind1="0" ind2="0">
    <subfield code="a">Da_Ponte, Giovanni Battista</subfield>
    <subfield code="3">IT\ICCU\CNCT\000280</subfield>
    <subfield code="4">650</subfield>
  </datafield>
  <datafield tag="791" ind1="0" ind2="2">
    <subfield code="a">Magistratus Sanitatis</subfield>
    <subfield code="3">26358</subfield>
    <subfield code="z"></subfield>
  </datafield>
  <datafield tag="791" ind1="0" ind2="0">
    <subfield code="a">Ponte, Giovanni Battista da</subfield>
    <subfield code="3">IT\ICCU\CNCT\003705</subfield>
    <subfield code="z">Da_Ponte, Giovanni Battista</subfield>
  </datafield>
  <datafield tag="791" ind1="0" ind2="0">
    <subfield code="a">Pontius, Ioannes Baptista</subfield>
    <subfield code="3">IT\ICCU\CNCT\003706</subfield>
    <subfield code="z">Da_Ponte, Giovanni Battista</subfield>
  </datafield>
  <datafield tag="791" ind1="0" ind2="0">
    <subfield code="a">Pontio, Giovanni Battista</subfield>
    <subfield code="3">IT\ICCU\CNCT\004484</subfield>
    <subfield code="z">Da_Ponte, Giovanni Battista</subfield>
  </datafield>
  <datafield tag="791" ind1="0" ind2="0">
    <subfield code="a">Ponti, Giovan Battista de</subfield>
    <subfield code="3">IT\ICCU\CNCT\004485</subfield>
    <subfield code="z">Da_Ponte, Giovanni Battista</subfield>
  </datafield>
  <datafield tag="791" ind1="0" ind2="0">
    <subfield code="a">Ponzio, Giovanni Battista</subfield>
    <subfield code="3">IT\ICCU\CNCT\004486</subfield>
    <subfield code="z">Da_Ponte, Giovanni Battista</subfield>
  </datafield>
  <datafield tag="801" ind1=" " ind2="3">
    <subfield code="a">IT</subfield>
    <subfield code="b">ICCU</subfield>
    <subfield code="c">20201115</subfield>
  </datafield>
  <datafield tag="899" ind1=" " ind2=" ">
    <subfield code="a">Biblioteca nazionale Braidense. Milano</subfield>
    <subfield code="1">MI0185</subfield>
    <subfield code="2">MIL NB</subfield>
  </datafield>
</record>
</collection>
